@MISC {976739,
    TITLE = {On clarifying the relationship between distribution functions in measure theory and probability theory},
    AUTHOR = {pidgeot},
    HOWPUBLISHED = {Mathematics Stack Exchange},
    NOTE = {URL:https://math.stackexchange.com/q/976739 (version: 2014-10-16)},
    EPRINT = {https://math.stackexchange.com/q/976739},
    URL = {https://math.stackexchange.com/q/976739}
}


@book{Rosenthal2006,
  added-at = {2011-05-19T16:08:03.000+0200},
  author = {Rosenthal, Jeffrey S.},
  biburl = {https://www.bibsonomy.org/bibtex/239e41c386dcbe43a67240b0e34049a8a/antoniofabio},
  edition = {Second},
  groups = {public},
  interhash = {d2c543419468cf204948fd6e3d47df23},
  intrahash = {39e41c386dcbe43a67240b0e34049a8a},
  isbn = {978-981-270-371-2; 981-270-371-3},
  keywords = {},
  mrclass = {60-01 (60F05 60F15 60G42)},
  mrnumber = {MR2279622},
  pages = {xvi+219},
  publisher = {World Scientific Publishing Co. Pte. Ltd., Hackensack, NJ},
  timestamp = {2011-05-20T08:14:28.000+0200},
  title = {A first look at rigorous probability theory},
  username = {antoniofabio},
  year = 2006
}


 
