@MISC {slides,
    TITLE = {The Likelihood Principle},
    AUTHOR = {Brani Vidakovic},
    HOWPUBLISHED = {Slides},
    URL = {http://www2.isye.gatech.edu/~brani/isyebayes/bank/handout2.pdf}
}

@MISC {MJordanNotes,
    TITLE = {260 Course Notes},
    AUTHOR = {Michael I Jordan},
    HOWPUBLISHED = {Slides},
    URL = {https://people.eecs.berkeley.edu/~jordan/courses/260-spring10/lectures/lecture2.pdf}
}

@book{jaynes, place={Cambridge}, title={Probability Theory: The Logic of Science}, DOI={10.1017/CBO9780511790423}, publisher={Cambridge University Press}, author={Jaynes, E. T.}, editor={Bretthorst, G. LarryEditor}, year={2003}}

@MISC {PHoffNotes,
    TITLE = {Admissibility and Complete Cases},
    AUTHOR = {Peter Hoff},
    YEAR={2013},
    HOWPUBLISHED = {Slides},
    URL = {http://www.stat.washington.edu/people/pdhoff/courses/581/LectureNotes/admiss.pdf}
}

@MISC {PHoffNotes2,
    TITLE = {Bayes Estimators},
    AUTHOR = {Peter Hoff},
    YEAR={2013},
    HOWPUBLISHED = {Notes},
    URL = {http://www.stat.washington.edu/people/pdhoff/courses/581/LectureNotes/bayes.pdf}
}

@MISC {EntNotes,
    TITLE = {An introduction to information theory and entropy},
    AUTHOR = {Tom Carter},
    YEAR={2004},
    HOWPUBLISHED = {Slides},
    URL = {http://csustan.csustan.edu/~tom/Lecture-Notes/Information-Theory/info-lec.pdf}
}

@book{Boyd:2004:CO:993483,
 author = {Boyd, Stephen and Vandenberghe, Lieven},
 title = {Convex Optimization},
 year = {2004},
 isbn = {0521833787},
 publisher = {Cambridge University Press},
 address = {New York, NY, USA},
} 

@book{magnus1988matrix,
  title={Matrix differential calculus with applications in statistics and econometrics},
  author={Magnus, J.R. and Neudecker, H.},
  isbn={9780471915164},
  lccn={87016463},
  series={Wiley Series in Probability and Statistics - Applied Probability and Statistics Section},
  url={https://books.google.ca/books?id=yIYpAQAAMAAJ},
  year={1988},
  publisher={Wiley}
}

