@MISC {976739,
    TITLE = {On clarifying the relationship between distribution functions in measure theory and probability theory},
    AUTHOR = {pidgeot (https://math.stackexchange.com/users/181948/pidgeot)},
    HOWPUBLISHED = {Mathematics Stack Exchange},
    NOTE = {URL:https://math.stackexchange.com/q/976739 (version: 2014-10-16)},
    EPRINT = {https://math.stackexchange.com/q/976739},
    URL = {https://math.stackexchange.com/q/976739}
}
